@book{allen_anatomy_1978,
	title = {Anatomy of {LISP}},
	url = {http://dl.acm.org/citation.cfm?id=542865},
	urldate = {2013-05-09},
	publisher = {{McGraw-Hill}, Inc.},
	author = {Allen, John},
	year = {1978}
},

@book{queinnec_principes_2007,
	title = {Principes d'implantation de Scheme et Lisp},
	isbn = {9782916466033},
	language = {fr},
	publisher = {Paracamplus},
	author = {Queinnec, Christian},
	month = jan,
	year = {2007}
}
